@misc{ILSVRC2014,
Author       = {Olga Russakovsky and Jia Deng and Hao Su and Jonathan Krause and Sanjeev Satheesh and
                Sean Ma and Zhiheng Huang and Andrej Karpathy and Aditya Khosla and Michael Bernstein and
                Alexander C. Berg and Li Fei-Fei},
Title        = {{ImageNet Large Scale Visual Recognition Challenge}},
Year         = {2014},
Eprint       = {arXiv:1409.0575},
}

@article {GeorgeDahl:2012,
author       = {George Dahl and Dong Yu and Li Deng and Alex Acero},
journal      = {IEEE Transactions on Audio, Speech, and Language Processing (receiving 2013 IEEE
                SPS Best Paper Award)},
month        = {January},
number       = {1},
pages        = {30-42},
title        = {Context-Dependent Pre-trained Deep Neural Networks for Large Vocabulary Speech
                Recognition},
url          = {http://research.microsoft.com/apps/pubs/default.aspx?id=144412},
volume       = {20},
year         = {2012},
}

@misc{Kaggle,
author       = {Kaggle, Inc.},
title        = {Merck Molecular Activity Challenge},
note         = "\url{https://www.kaggle.com/c/MerckActivity}",
}

@article{Rosenblatt:1958,
author       = {Rosenblatt, Frank},
journal      = {Psychological Review},
keywords     = {learning, perceptron-learning-rule},
month        = nov,
number       = {6},
pages        = {386--408},
posted-at    = {2007-12-03 16:14:18},
priority     = {2},
title        = {{The perceptron: a probabilistic model for information storage and organization in the brain}},
volume       = {65},
year         = {1958}
}

@article{Rummelhart:1986,
author       = {Rummelhart, D. E.},
title        = {Learning representations by back-propagation errors},
journal      = {Nature},
ISSN         = {},
publisher    = {},
year         = {1986},
month        = {},
volume       = {323},
number       = {},
pages        = {533-536},
URL          = {http://ci.nii.ac.jp/naid/80003149693/},
DOI          = {10.1038/323533a0},
}

@misc{NokiaWebCL,
author       = {{NRC Tampere}},
title        = {{WebCL}},
note         = "\url{http://webcl.nokiaresearch.com/}",
}

@misc{ChromiumWebCL,
author       = {{AMD Inc.}},
title        = {{Chromium-WebCL}},
note         = "\url{https://github.com/amd/Chromium-WebCL}",
}
